@article{tsamouris2007futures,
  title={Futures price forecasting of the International Monetary Market's Brent crude oil},
  author={Tsamouris, Dimitris and Dotsis, George and Markellos, Raphael N},
  journal={Energy Economics},
  volume={29},
  number={5},
  pages={1052--1067},
  year={2007},
  publisher={Elsevier}
}

@article{joy2005gold,
  title={Gold and the US dollar: Hedge or haven?},
  author={Joy, Mark},
  journal={Finance Research Letters},
  volume={2},
  number={4},
  pages={187--194},
  year={2005},
  publisher={Elsevier}
}

@article{wang2004gold,
  title={Gold and the US dollar: Hedge or haven?},
  author={Wang, Kuan-Min and Lee, Yuan-Ming and Thi, Thanh-Binh Nguyen},
  journal={Journal of Economics and Finance},
  volume={28},
  number={4},
  pages={513--530},
  year={2004},
  publisher={Springer}
}

@article{shafiee2010gold,
  title={Gold price forecasting based on neuro-fuzzy system},
  author={Shafiee, Shahriar and Topal, Erkan},
  journal={Applied Soft Computing},
  volume={10},
  number={4},
  pages={1105--1112},
  year={2010},
  publisher={Elsevier}
}

@article{gunduz2017gold,
  title={Gold price prediction using ensemble machine learning},
  author={Gunduz, Hakan and Gunduz, Ayse and Gencoglu, Mustafa Tuncel},
  journal={International Journal of Finance \& Economics},
  volume={22},
  number={4},
  pages={356--370},
  year={2017},
  publisher={Wiley Online Library}
}

@article{zhang2018gold,
  title={Gold price forecasting using machine learning techniques},
  author={Zhang, Yue-Jun and Wei, Yi-Ming},
  journal={Resources Policy},
  volume={58},
  pages={190--197},
  year={2018},
  publisher={Elsevier}
}

@book{ta-lib,
  title={Technical Analysis Library},
  author={Kirkpatrick, Charles D and Dahlquist, Julie R},
  year={2010},
  publisher={FT Press}
}

@article{breiman2001random,
  title={Random forests},
  author={Breiman, Leo},
  journal={Machine learning},
  volume={45},
  number={1},
  pages={5--32},
  year={2001},
  publisher={Springer}
}

@article{chen2016xgboost,
  title={XGBoost: A scalable tree boosting system},
  author={Chen, Tianqi and Guestrin, Carlos},
  journal={Proceedings of the 22nd ACM SIGKDD International Conference on Knowledge Discovery and Data Mining},
  pages={785--794},
  year={2016}
}

@article{ke2017lightgbm,
  title={LightGBM: A highly efficient gradient boosting decision tree},
  author={Ke, Guolin and Meng, Qi and Finley, Thomas and Wang, Taifeng and Chen, Wei and Ma, Weidong and Ye, Qiwei and Liu, Tie-Yan},
  journal={Advances in Neural Information Processing Systems},
  volume={30},
  year={2017}
}

@article{hyndman2018forecasting,
  title={Forecasting principles and practice},
  author={Hyndman, Rob J and Athanasopoulos, George},
  journal={Monash University, Australia},
  year={2018}
}

@article{taylor2000decomposition,
  title={Decomposition of time series},
  author={Taylor, James W},
  journal={Journal of the Operational Research Society},
  volume={51},
  number={6},
  pages={686--694},
  year={2000},
  publisher={Taylor \& Francis}
}